@article{wei2013scientists,
  title={Do scientists trace hot topics?},
  author={Wei, Tian and Li, Menghui and Wu, Chensheng and Yan, Xiao-Yong and Fan, Ying and Di, Zengru and Wu, Jinshan},
  journal={Scientific reports},
  volume={3},
  number={1},
  pages={1--5},
  year={2013},
  publisher={Nature Publishing Group}
}




@inproceedings{saggion2017scholarly,
  title={Scholarly data mining: making sense of scientific literature},
  author={Saggion, Horacio and Ronzano, Francesco},
  booktitle={2017 ACM/IEEE Joint Conference on Digital Libraries (JCDL)},
  pages={1--2},
  year={2017},
  organization={IEEE}
}




@article{dridi2021scholarly,
  title={Scholarly data mining: A systematic review of its applications},
  author={Dridi, Amna and Gaber, Mohamed Medhat and Azad, R Muhammad Atif and Bhogal, Jagdev},
  journal={Wiley Interdisciplinary Reviews: Data Mining and Knowledge Discovery},
  volume={11},
  number={2},
  pages={e1395},
  year={2021},
  publisher={Wiley Online Library}
}






